@article{clarkSurvivalAnalysisPart2003,
	title = {Survival Analysis Part I: Basic concepts and first analyses},
	author = {{Clark}, {T. G.} and {Bradburn}, {M. J.} and {Love}, {S. B.} and {Altman}, {D. G.}},
	year = {2003},
	month = {07},
	date = {2003-07},
	journal = {British Journal of Cancer},
	pages = {232--238},
	volume = {89},
	number = {2},
	doi = {10.1038/sj.bjc.6601118},
	url = {https://www.nature.com/articles/6601118},
	note = {Bandiera{\_}abtest: a
Cg{\_}type: Nature Research Journals
Number: 2
Primary{\_}atype: Research
Publisher: Nature Publishing Group},
	langid = {en}
}

@article{bradburnSurvivalAnalysisPart2003,
	title = {Survival Analysis Part II: Multivariate data analysis {\textendash} an introduction to concepts and methods},
	author = {{Bradburn}, {M. J.} and {Clark}, {T. G.} and {Love}, {S. B.} and {Altman}, {D. G.}},
	year = {2003},
	month = {08},
	date = {2003-08},
	journal = {British Journal of Cancer},
	pages = {431--436},
	volume = {89},
	number = {3},
	doi = {10.1038/sj.bjc.6601119},
	url = {https://www.nature.com/articles/6601119},
	note = {Bandiera{\_}abtest: a
Cg{\_}type: Nature Research Journals
Number: 3
Primary{\_}atype: Research
Publisher: Nature Publishing Group},
	langid = {en}
}


@article{bradburnSurvivalAnalysisPart2003a,
  title = {Survival {{Analysis Part III}}: {{Multivariate}} Data Analysis \textendash{} Choosing a Model and Assessing Its Adequacy and Fit},
  shorttitle = {Survival {{Analysis Part III}}},
  author = {Bradburn, M. J. and Clark, T. G. and Love, S. B. and Altman, D. G.},
  year = {2003},
  month = aug,
  journal = {British Journal of Cancer},
  volume = {89},
  number = {4},
  pages = {605--611},
  publisher = {{Nature Publishing Group}},
  issn = {1532-1827},
  doi = {10.1038/sj.bjc.6601120},
  copyright = {2003 The Author(s)},
  language = {en},
  keywords = {Statistics,Survival Analysis},
  annotation = {Bandiera\_abtest: a Cg\_type: Nature Research Journals Primary\_atype: Research},
  file = {/Users/cfa5228/OneDrive/Documents/Zotero/Zotfile/Bradburn et al_2003_Survival Analysis Part III.pdf;/Users/cfa5228/Zotero/storage/GMUN3Z2P/6601120.html}
}






@article{clarkSurvivalAnalysisPart2003a,
  title = {Survival {{Analysis Part IV}}: {{Further}} Concepts and Methods in Survival Analysis},
  shorttitle = {Survival {{Analysis Part IV}}},
  author = {Clark, T. G. and Bradburn, M. J. and Love, S. B. and Altman, D. G.},
  year = {2003},
  month = sep,
  journal = {British Journal of Cancer},
  volume = {89},
  number = {5},
  pages = {781--786},
  publisher = {{Nature Publishing Group}},
  issn = {1532-1827},
  doi = {10.1038/sj.bjc.6601117},
  copyright = {2003 The Author(s)},
  language = {en},
  keywords = {Statistics,Survival Analysis},
  annotation = {Bandiera\_abtest: a Cg\_type: Nature Research Journals Primary\_atype: Research},
  file = {/Users/cfa5228/OneDrive/Documents/Zotero/Zotfile/Clark et al_2003_Survival Analysis Part IV.pdf;/Users/cfa5228/Zotero/storage/ZLQEJERA/6601117.html}
}





@incollection{kenahPairwiseSurvivalAnalysis2021,
  title = {Pairwise {{Survival Analysis}} of {{Infectious Disease Transmission Data}}},
  booktitle = {Handbook of {{Infectious Disease Data Analysis}}},
  author = {Kenah, Eben},
  editor = {Held, Leonhard and Hens, Niel and O'Neill, Philip and Wallinga, Jacco},
  year = {2021},
  month = jun,
  series = {Handbook of {{Modern Statistical Methods}}},
  edition = {First},
  pages = {221--244},
  publisher = {{Routledge \& CRC Press}},
  language = {en},
  file = {/Users/cfa5228/OneDrive/Documents/Zotero/Zotfile/Kenah_2021_Pairwise Survival Analysis of Infectious Disease Transmission Data.pdf;/Users/cfa5228/Zotero/storage/MM7K595A/9781032087351.html}
}




@techreport{anderson-bergmanUsingIcenRegInterval2020,
	title = {Using icenReg for interval censored data in R v2.0.9},
	author = {Anderson-Bergman, {Cli{ff}ord}},
	year = {2020},
	month = {10},
	date = {2020-10-03},
	pages = {20},
	langid = {en}
}
